<record xmlns="http://www.loc.gov/MARC21/slim">
   <leader>03674cam a2200421 i 4500</leader>
   <controlfield tag="001">6658958</controlfield>
   <controlfield tag="003">OCoLC</controlfield>
   <controlfield tag="005">20140728084254.0</controlfield>
   <controlfield tag="008">131021s2015    caua     bf   001 0 eng  </controlfield>
   <datafield ind1=" " ind2=" " tag="010">
      <subfield code="a">  2013035369</subfield>
   </datafield>
   <datafield ind1="7" ind2=" " tag="016">
      <subfield code="a">016597614</subfield>
      <subfield code="2">Uk</subfield>
   </datafield>
   <datafield ind1=" " ind2=" " tag="020">
      <subfield code="a">9781452299822 (pbk. : alk. paper)</subfield>
   </datafield>
   <datafield ind1=" " ind2=" " tag="020">
      <subfield code="a">145229982X (pbk. : alk. paper)</subfield>
   </datafield>
   <datafield ind1=" " ind2=" " tag="035">
      <subfield code="a">ocn861273892</subfield>
   </datafield>
   <datafield ind1=" " ind2=" " tag="040">
      <subfield code="a">DLC</subfield>
      <subfield code="b">eng</subfield>
      <subfield code="e">rda</subfield>
      <subfield code="c">DLC</subfield>
      <subfield code="d">YDX</subfield>
      <subfield code="d">YDXCP</subfield>
      <subfield code="d">BTCTA</subfield>
      <subfield code="d">BDX</subfield>
      <subfield code="d">TLE</subfield>
      <subfield code="d">UKMGB</subfield>
      <subfield code="d">EEK</subfield>
      <subfield code="d">COO</subfield>
      <subfield code="d">OCLCO</subfield>
      <subfield code="d">UAB</subfield>
   </datafield>
   <datafield ind1=" " ind2=" " tag="042">
      <subfield code="a">pcc</subfield>
   </datafield>
   <datafield ind1=" " ind2=" " tag="043">
      <subfield code="a">n-us---</subfield>
   </datafield>
   <datafield ind1="0" ind2="0" tag="050">
      <subfield code="a">LB2157.U5</subfield>
      <subfield code="b">D36 2015</subfield>
   </datafield>
   <datafield ind1="0" ind2="0" tag="082">
      <subfield code="a">370.71/1</subfield>
      <subfield code="2">23</subfield>
   </datafield>
   <datafield ind1=" " ind2=" " tag="090">
      <subfield code="a">LB 2157 U5 D36 2015</subfield>
      <subfield code="b">AEU</subfield>
   </datafield>
   <datafield ind1="1" ind2=" " tag="100">
      <subfield code="a">Daniels, Kisha N.,</subfield>
      <subfield code="e">author.</subfield>
   </datafield>
   <datafield ind1="1" ind2="4" tag="245">
      <subfield code="a">The ultimate student teaching guide /</subfield>
      <subfield code="c">Kisha N. Daniels, North Carolina Central University, Gerrelyn C. Patterson, North Carolina Central University, Yolanda L. Dunston, North Carolina Central University.</subfield>
   </datafield>
   <datafield ind1="3" ind2="0" tag="246">
      <subfield code="a">Student teaching guide</subfield>
   </datafield>
   <datafield ind1=" " ind2=" " tag="250">
      <subfield code="a">Second edition.</subfield>
   </datafield>
   <datafield ind1=" " ind2="1" tag="264">
      <subfield code="a">Los Angeles :</subfield>
      <subfield code="b">Sage,</subfield>
      <subfield code="c">[2015]</subfield>
   </datafield>
   <datafield ind1=" " ind2=" " tag="300">
      <subfield code="a">xiv, 209 pages :</subfield>
      <subfield code="b">illustrations ;</subfield>
      <subfield code="c">28 cm</subfield>
   </datafield>
   <datafield ind1=" " ind2=" " tag="336">
      <subfield code="a">text</subfield>
      <subfield code="2">rdacontent</subfield>
   </datafield>
   <datafield ind1=" " ind2=" " tag="337">
      <subfield code="a">unmediated</subfield>
      <subfield code="2">rdamedia</subfield>
   </datafield>
   <datafield ind1=" " ind2=" " tag="338">
      <subfield code="a">volume</subfield>
      <subfield code="2">rdacarrier</subfield>
   </datafield>
   <datafield ind1=" " ind2=" " tag="504">
      <subfield code="a">Includes bibliographical references and index.</subfield>
   </datafield>
   <datafield ind1="2" ind2=" " tag="505">
      <subfield code="a">pt. I. People. 1. Welcome to student teaching: the open house : School culture ; Organizational structure ; Legal and ethical issues ; Workplace professionalism -- 2. Meeting your cooperating teacher: the teacher conference : It's nice to meet you ; Do I have to? ; Your CT isn't in it for the money (and other tidbits) ; Change versus growth ; On time supervision -- pt. II. Politics. 3. Understanding your cooperating teacher: the rules : Personality theory ; Personality traits ; Personality traits and the student/cooperating teacher relationship ; Strategic problem solving -- 4. Managing the workload: the late bell : Student teaching is a juggling act ; Stress: it's here, embrace it ; Ball #1: Classroom demands ; Ball #2: University demands ; Ball #3: Home demands ; When the demands are more than you can handle -- 5. Classroom management during student teaching: the principal's office : Classroom management ; Popular management plans ; How do I practice classroom management during student teaching? ; Avoid the most common mistakes made by student teachers --</subfield>
   </datafield>
   <datafield ind1="2" ind2=" " tag="505">
      <subfield code="a">pt. III. Planning. 6. Strategies for effective teaching: the planning period : Limit your lectures ; Brain-friendly teaching and learning ; A few ideas to get you started ; This sounds a lot like learning styles ; Technology-based instruction -- 7. Preparation and performance: the lesson plan : The lesson plan: best basic practices ; Dare to differentiate ; Lesson plan basics ; Time-saving tactics ; Tips for teamwork, or How not to step on your CT's toes -- pt. IV. Performance. 8. Developing confidence in your teaching ability: the evaluation : Roles and responsibilities ; Phases and stages ; Experiential learning ; Strategic reflection -- 9. The last STEP: student teacher exit plan : The professional portfolio ; What is Praxis II, and why do I have to take it? ; How do I get my license? ; You're finally certified: now what? -- Appendixes : A. Twenty ways to say no (or not right now) ; B. Sample pacing guides ; C. Sample lesson plan templates ; D. Sample résumé.</subfield>
   </datafield>
   <datafield ind1=" " ind2=" " tag="596">
      <subfield code="a">41</subfield>
   </datafield>
   <datafield ind1=" " ind2="0" tag="650">
      <subfield code="a">Student teaching</subfield>
      <subfield code="z">United States</subfield>
      <subfield code="v">Handbooks, manuals, etc.</subfield>
   </datafield>
   <datafield ind1=" " ind2="0" tag="650">
      <subfield code="a">Student teachers</subfield>
      <subfield code="x">Training of</subfield>
      <subfield code="z">United States</subfield>
      <subfield code="v">Handbooks, manuals, etc.</subfield>
   </datafield>
   <datafield ind1="1" ind2=" " tag="700">
      <subfield code="a">Patterson, Gerrelyn C.,</subfield>
      <subfield code="e">author.</subfield>
   </datafield>
   <datafield ind1="1" ind2=" " tag="700">
      <subfield code="a">Dunston, Yolanda Lyght,</subfield>
      <subfield code="e">author.</subfield>
   </datafield>
   <datafield ind1=" " ind2=" " tag="926">
      <subfield code="a">LB 2157 U5 D36 2015</subfield>
      <subfield code="w">LC</subfield>
      <subfield code="c">1</subfield>
      <subfield code="i">0162035179009</subfield>
      <subfield code="d">9/1/2016</subfield>
      <subfield code="e">7/22/2016</subfield>
      <subfield code="l">FLOOR_2</subfield>
      <subfield code="m">UAEDUC</subfield>
      <subfield code="n">6</subfield>
      <subfield code="p">$150.00</subfield>
      <subfield code="r">Y</subfield>
      <subfield code="s">Y</subfield>
      <subfield code="t">BOOK</subfield>
      <subfield code="u">8/11/2014</subfield>
   </datafield>
</record>
